[	@online{website,
		author = {MIlenium},
		title = {Sitios Web},
		year = {2019},
		publisher = {MIlenium},
		note = { Disponible en \url{https://www.informaticamilenium.com.mx/es/temas/que-son-los-sitios-web.html} [Visto el 01/04/2019]}
	}

	@online{responsive,
		author = {40deFiebre},
		title = {¿Que es el diseño responsive?},
		year = {2019},
		publisher = {40deFiebre},
		note = { Disponible en \url{https://www.40defiebre.com/que-es/diseno-responsive} [Visto el 01/04/2019]}
	}

	@online{restful,
		author = {Leonardo De Seta},
		title = {Introducción a los servicios Restful},
		year = {2008},
		publisher = {dosideas},
		note = { Disponible en \url{https://dosideas.com/noticias/java/314-introduccion-a-los-servicios-web-restfu} [Visto el 01/04/2019]}
	}

	@online{webapi,
		author = {German Escobar},
		title = {Web API’s},
		year = {2015},
		publisher = {Make it real},
		note = { Disponible en \url{https://blog.makeitreal.camp/que-es-un-api/} [Visto el 16/09/2019]}
	}

	@online{http,
		author = {MDN contributors},
		title = {HTTP},
		year = {2019},
		publisher = {Make it real},
		note = { Disponible en \url{https://developer.mozilla.org/es/docs/Web/HTTP} [Visto el 16/09/2019]}
	}

	@online{metho,
		author = {Ena Ramos},
		title = {La metodologia},
		year = {2008},
		publisher = {Gestiopolis},
		note = { Disponible en \url{https://www.gestiopolis.com/metodos-y-tecnicas-de-investigacion/} [Visto el 16/09/2019]}
	}

	@online{methoqual,
		author = {Universidad de Jaén},
		title = {El analisis de la investigacion cualitativa},
		publisher = {Universidad de Jaén},
		note = { Disponible en \url{http://www.ujaen.es/investiga/tics_tfg/pdf/cualitativa/analisis.pdf} [Visto el 16/09/2019]}
	}
]